%YAML 1.1
%TAG !u! tag:unity3d.com,2011:
--- !u!1 &16815895
GameObject:
  m_ObjectHideFlags: 0
  m_CorrespondingSourceObject: {fileID: 0}
  m_PrefabInstance: {fileID: 0}
  m_PrefabAsset: {fileID: 0}
  serializedVersion: 6
  m_Component:
  - component: {fileID: 16815897}
  - component: {fileID: 16815896}
  m_Layer: 0
  m_Name: Hands
  m_TagString: Untagged
  m_Icon: {fileID: 0}
  m_NavMeshLayer: 0
  m_StaticEditorFlags: 0
  m_IsActive: 1
--- !u!4 &16815897
Transform:
  m_ObjectHideFlags: 0
  m_CorrespondingSourceObject: {fileID: 0}
  m_PrefabInstance: {fileID: 0}
  m_PrefabAsset: {fileID: 0}
  m_GameObject: {fileID: 16815895}
  m_LocalRotation: {x: 0, y: 0, z: 0, w: 1}
  m_LocalPosition: {x: 0, y: 0, z: 0}
  m_LocalScale: {x: 1, y: 1, z: 1}
  m_Children:
  - {fileID: 1071530520}
  - {fileID: 620674253}
  m_Father: {fileID: 4436673921900422469}
  m_RootOrder: 2
  m_LocalEulerAnglesHint: {x: 0, y: 0, z: 0}
--- !u!114 &16815896
MonoBehaviour:
  m_ObjectHideFlags: 0
  m_CorrespondingSourceObject: {fileID: 0}
  m_PrefabInstance: {fileID: 0}
  m_PrefabAsset: {fileID: 0}
  m_GameObject: {fileID: 16815895}
  m_Enabled: 1
  m_EditorHideFlags: 0
  m_Script: {fileID: 11500000, guid: 70b342d8ce5c2fd48b8fa3147d48d1d1, type: 3}
  m_Name: 
  m_EditorClassIdentifier: 
  m_Weight: 1
  m_Effectors:
  - m_Transform: {fileID: 0}
    m_Style:
      shape: {fileID: 4300000, guid: c6793350c150f456688e39a81f97364a, type: 2}
      color: {r: 1, g: 0, b: 0, a: 0.5}
      size: 0.1
      position: {x: 0, y: 0, z: 0}
      rotation: {x: 0, y: 0, z: 0}
    m_Visible: 1
  - m_Transform: {fileID: 16815897}
    m_Style:
      shape: {fileID: 4300000, guid: c6793350c150f456688e39a81f97364a, type: 2}
      color: {r: 0, g: 0, b: 0, a: 0.5}
      size: 0.1
      position: {x: 0, y: 0, z: 0}
      rotation: {x: 0, y: 0, z: 0}
    m_Visible: 1
--- !u!1 &18471545
GameObject:
  m_ObjectHideFlags: 0
  m_CorrespondingSourceObject: {fileID: 0}
  m_PrefabInstance: {fileID: 0}
  m_PrefabAsset: {fileID: 0}
  serializedVersion: 6
  m_Component:
  - component: {fileID: 18471546}
  - component: {fileID: 18471547}
  m_Layer: 0
  m_Name: Spine (2)
  m_TagString: Untagged
  m_Icon: {fileID: 0}
  m_NavMeshLayer: 0
  m_StaticEditorFlags: 0
  m_IsActive: 1
--- !u!4 &18471546
Transform:
  m_ObjectHideFlags: 0
  m_CorrespondingSourceObject: {fileID: 0}
  m_PrefabInstance: {fileID: 0}
  m_PrefabAsset: {fileID: 0}
  m_GameObject: {fileID: 18471545}
  m_LocalRotation: {x: 0, y: 0, z: 0, w: 1}
  m_LocalPosition: {x: 0, y: 0, z: 0}
  m_LocalScale: {x: 1, y: 1, z: 1}
  m_Children: []
  m_Father: {fileID: 2130841703}
  m_RootOrder: 0
  m_LocalEulerAnglesHint: {x: 0, y: 0, z: 0}
--- !u!114 &18471547
MonoBehaviour:
  m_ObjectHideFlags: 0
  m_CorrespondingSourceObject: {fileID: 0}
  m_PrefabInstance: {fileID: 0}
  m_PrefabAsset: {fileID: 0}
  m_GameObject: {fileID: 18471545}
  m_Enabled: 1
  m_EditorHideFlags: 0
  m_Script: {fileID: 11500000, guid: e3c430f382484144e925c097c2d33cfe, type: 3}
  m_Name: 
  m_EditorClassIdentifier: 
  m_Weight: 1
  m_Data:
    m_ConstrainedObject: {fileID: 4436673920518625595}
    m_SourceObjects:
      m_Length: 1
      m_Item0:
        transform: {fileID: 0}
        weight: 0.4
      m_Item1:
        transform: {fileID: 0}
        weight: 0
      m_Item2:
        transform: {fileID: 0}
        weight: 0
      m_Item3:
        transform: {fileID: 0}
        weight: 0
      m_Item4:
        transform: {fileID: 0}
        weight: 0
      m_Item5:
        transform: {fileID: 0}
        weight: 0
      m_Item6:
        transform: {fileID: 0}
        weight: 0
      m_Item7:
        transform: {fileID: 0}
        weight: 0
    m_Offset: {x: 0, y: 0, z: 0}
    m_MinLimit: -180
    m_MaxLimit: 180
    m_AimAxis: 4
    m_MaintainOffset: 1
    m_ConstrainedAxes:
      x: 1
      y: 1
      z: 1
  m_SourceObjectsGUIToggle: 1
  m_SettingsGUIToggle: 1
--- !u!1 &112020470
GameObject:
  m_ObjectHideFlags: 0
  m_CorrespondingSourceObject: {fileID: 0}
  m_PrefabInstance: {fileID: 0}
  m_PrefabAsset: {fileID: 0}
  serializedVersion: 6
  m_Component:
  - component: {fileID: 112020471}
  - component: {fileID: 112020472}
  m_Layer: 0
  m_Name: Spine
  m_TagString: Untagged
  m_Icon: {fileID: 0}
  m_NavMeshLayer: 0
  m_StaticEditorFlags: 0
  m_IsActive: 1
--- !u!4 &112020471
Transform:
  m_ObjectHideFlags: 0
  m_CorrespondingSourceObject: {fileID: 0}
  m_PrefabInstance: {fileID: 0}
  m_PrefabAsset: {fileID: 0}
  m_GameObject: {fileID: 112020470}
  m_LocalRotation: {x: 0, y: 0, z: 0, w: 1}
  m_LocalPosition: {x: 0, y: 0, z: 0}
  m_LocalScale: {x: 1, y: 1, z: 1}
  m_Children: []
  m_Father: {fileID: 2130841703}
  m_RootOrder: 2
  m_LocalEulerAnglesHint: {x: 0, y: 0, z: 0}
--- !u!114 &112020472
MonoBehaviour:
  m_ObjectHideFlags: 0
  m_CorrespondingSourceObject: {fileID: 0}
  m_PrefabInstance: {fileID: 0}
  m_PrefabAsset: {fileID: 0}
  m_GameObject: {fileID: 112020470}
  m_Enabled: 1
  m_EditorHideFlags: 0
  m_Script: {fileID: 11500000, guid: e3c430f382484144e925c097c2d33cfe, type: 3}
  m_Name: 
  m_EditorClassIdentifier: 
  m_Weight: 1
  m_Data:
    m_ConstrainedObject: {fileID: 4436673922209071064}
    m_SourceObjects:
      m_Length: 1
      m_Item0:
        transform: {fileID: 0}
        weight: 0.3
      m_Item1:
        transform: {fileID: 0}
        weight: 0
      m_Item2:
        transform: {fileID: 0}
        weight: 0
      m_Item3:
        transform: {fileID: 0}
        weight: 0
      m_Item4:
        transform: {fileID: 0}
        weight: 0
      m_Item5:
        transform: {fileID: 0}
        weight: 0
      m_Item6:
        transform: {fileID: 0}
        weight: 0
      m_Item7:
        transform: {fileID: 0}
        weight: 0
    m_Offset: {x: 0, y: 0, z: 0}
    m_MinLimit: -180
    m_MaxLimit: 76
    m_AimAxis: 4
    m_MaintainOffset: 1
    m_ConstrainedAxes:
      x: 1
      y: 1
      z: 1
  m_SourceObjectsGUIToggle: 1
  m_SettingsGUIToggle: 1
--- !u!1 &133867833
GameObject:
  m_ObjectHideFlags: 0
  m_CorrespondingSourceObject: {fileID: 0}
  m_PrefabInstance: {fileID: 0}
  m_PrefabAsset: {fileID: 0}
  serializedVersion: 6
  m_Component:
  - component: {fileID: 133867834}
  - component: {fileID: 133867835}
  m_Layer: 0
  m_Name: Root
  m_TagString: Untagged
  m_Icon: {fileID: 0}
  m_NavMeshLayer: 0
  m_StaticEditorFlags: 0
  m_IsActive: 1
--- !u!4 &133867834
Transform:
  m_ObjectHideFlags: 0
  m_CorrespondingSourceObject: {fileID: 0}
  m_PrefabInstance: {fileID: 0}
  m_PrefabAsset: {fileID: 0}
  m_GameObject: {fileID: 133867833}
  m_LocalRotation: {x: 0, y: 0, z: 0, w: 1}
  m_LocalPosition: {x: 0, y: 0, z: 0}
  m_LocalScale: {x: 1, y: 1, z: 1}
  m_Children:
  - {fileID: 1497976239}
  m_Father: {fileID: 4436673921900422469}
  m_RootOrder: 5
  m_LocalEulerAnglesHint: {x: 0, y: 0, z: 0}
--- !u!114 &133867835
MonoBehaviour:
  m_ObjectHideFlags: 0
  m_CorrespondingSourceObject: {fileID: 0}
  m_PrefabInstance: {fileID: 0}
  m_PrefabAsset: {fileID: 0}
  m_GameObject: {fileID: 133867833}
  m_Enabled: 1
  m_EditorHideFlags: 0
  m_Script: {fileID: 11500000, guid: 70b342d8ce5c2fd48b8fa3147d48d1d1, type: 3}
  m_Name: 
  m_EditorClassIdentifier: 
  m_Weight: 0
  m_Effectors:
  - m_Transform: {fileID: 0}
    m_Style:
      shape: {fileID: 4300000, guid: c6793350c150f456688e39a81f97364a, type: 2}
      color: {r: 1, g: 0, b: 0, a: 0.5}
      size: 0.1
      position: {x: 0, y: 0, z: 0}
      rotation: {x: 0, y: 0, z: 0}
    m_Visible: 1
--- !u!1 &366525563
GameObject:
  m_ObjectHideFlags: 0
  m_CorrespondingSourceObject: {fileID: 0}
  m_PrefabInstance: {fileID: 0}
  m_PrefabAsset: {fileID: 0}
  serializedVersion: 6
  m_Component:
  - component: {fileID: 366525564}
  - component: {fileID: 366525565}
  m_Layer: 0
  m_Name: Head
  m_TagString: Untagged
  m_Icon: {fileID: 0}
  m_NavMeshLayer: 0
  m_StaticEditorFlags: 0
  m_IsActive: 0
--- !u!4 &366525564
Transform:
  m_ObjectHideFlags: 0
  m_CorrespondingSourceObject: {fileID: 0}
  m_PrefabInstance: {fileID: 0}
  m_PrefabAsset: {fileID: 0}
  m_GameObject: {fileID: 366525563}
  m_LocalRotation: {x: 0, y: 0, z: 0, w: 1}
  m_LocalPosition: {x: 0, y: 0, z: 0}
  m_LocalScale: {x: 1, y: 1, z: 1}
  m_Children:
  - {fileID: 1207780270}
  - {fileID: 681671116}
  m_Father: {fileID: 4436673921900422469}
  m_RootOrder: 6
  m_LocalEulerAnglesHint: {x: 0, y: 0, z: 0}
--- !u!114 &366525565
MonoBehaviour:
  m_ObjectHideFlags: 0
  m_CorrespondingSourceObject: {fileID: 0}
  m_PrefabInstance: {fileID: 0}
  m_PrefabAsset: {fileID: 0}
  m_GameObject: {fileID: 366525563}
  m_Enabled: 1
  m_EditorHideFlags: 0
  m_Script: {fileID: 11500000, guid: 70b342d8ce5c2fd48b8fa3147d48d1d1, type: 3}
  m_Name: 
  m_EditorClassIdentifier: 
  m_Weight: 1
  m_Effectors:
  - m_Transform: {fileID: 0}
    m_Style:
      shape: {fileID: 4300000, guid: c6793350c150f456688e39a81f97364a, type: 2}
      color: {r: 1, g: 0, b: 0, a: 0.5}
      size: 0.1
      position: {x: 0, y: 0, z: 0}
      rotation: {x: 0, y: 0, z: 0}
    m_Visible: 1
--- !u!1 &620674252
GameObject:
  m_ObjectHideFlags: 0
  m_CorrespondingSourceObject: {fileID: 0}
  m_PrefabInstance: {fileID: 0}
  m_PrefabAsset: {fileID: 0}
  serializedVersion: 6
  m_Component:
  - component: {fileID: 620674253}
  - component: {fileID: 620674254}
  m_Layer: 0
  m_Name: HandR
  m_TagString: Untagged
  m_Icon: {fileID: 0}
  m_NavMeshLayer: 0
  m_StaticEditorFlags: 0
  m_IsActive: 1
--- !u!4 &620674253
Transform:
  m_ObjectHideFlags: 0
  m_CorrespondingSourceObject: {fileID: 0}
  m_PrefabInstance: {fileID: 0}
  m_PrefabAsset: {fileID: 0}
  m_GameObject: {fileID: 620674252}
  m_LocalRotation: {x: 0, y: 0, z: 0, w: 1}
  m_LocalPosition: {x: 0, y: 0, z: 0}
  m_LocalScale: {x: 1, y: 1, z: 1}
  m_Children: []
  m_Father: {fileID: 16815897}
  m_RootOrder: 1
  m_LocalEulerAnglesHint: {x: 0, y: 0, z: 0}
--- !u!114 &620674254
MonoBehaviour:
  m_ObjectHideFlags: 0
  m_CorrespondingSourceObject: {fileID: 0}
  m_PrefabInstance: {fileID: 0}
  m_PrefabAsset: {fileID: 0}
  m_GameObject: {fileID: 620674252}
  m_Enabled: 1
  m_EditorHideFlags: 0
  m_Script: {fileID: 11500000, guid: aeda7bfbf984f2a4da5ab4b8967b115d, type: 3}
  m_Name: 
  m_EditorClassIdentifier: 
  m_Weight: 1
  m_Data:
    m_Root: {fileID: 4436673920651976915}
    m_Mid: {fileID: 4436673921628630000}
    m_Tip: {fileID: 4436673920984810350}
    m_Target: {fileID: 0}
    m_Hint: {fileID: 0}
    m_TargetPositionWeight: 1
    m_TargetRotationWeight: 1
    m_HintWeight: 1
    m_MaintainTargetPositionOffset: 0
    m_MaintainTargetRotationOffset: 0
  m_SourceObjectsGUIToggle: 1
  m_SettingsGUIToggle: 1
--- !u!1 &681671115
GameObject:
  m_ObjectHideFlags: 0
  m_CorrespondingSourceObject: {fileID: 0}
  m_PrefabInstance: {fileID: 0}
  m_PrefabAsset: {fileID: 0}
  serializedVersion: 6
  m_Component:
  - component: {fileID: 681671116}
  - component: {fileID: 681671117}
  m_Layer: 0
  m_Name: HandR
  m_TagString: Untagged
  m_Icon: {fileID: 0}
  m_NavMeshLayer: 0
  m_StaticEditorFlags: 0
  m_IsActive: 1
--- !u!4 &681671116
Transform:
  m_ObjectHideFlags: 0
  m_CorrespondingSourceObject: {fileID: 0}
  m_PrefabInstance: {fileID: 0}
  m_PrefabAsset: {fileID: 0}
  m_GameObject: {fileID: 681671115}
  m_LocalRotation: {x: 0, y: 0, z: 0, w: 1}
  m_LocalPosition: {x: 0, y: 0, z: 0}
  m_LocalScale: {x: 1, y: 1, z: 1}
  m_Children: []
  m_Father: {fileID: 366525564}
  m_RootOrder: 1
  m_LocalEulerAnglesHint: {x: 0, y: 0, z: 0}
--- !u!114 &681671117
MonoBehaviour:
  m_ObjectHideFlags: 0
  m_CorrespondingSourceObject: {fileID: 0}
  m_PrefabInstance: {fileID: 0}
  m_PrefabAsset: {fileID: 0}
  m_GameObject: {fileID: 681671115}
  m_Enabled: 1
  m_EditorHideFlags: 0
  m_Script: {fileID: 11500000, guid: aeda7bfbf984f2a4da5ab4b8967b115d, type: 3}
  m_Name: 
  m_EditorClassIdentifier: 
  m_Weight: 1
  m_Data:
    m_Root: {fileID: 4436673920651976915}
    m_Mid: {fileID: 4436673921628630000}
    m_Tip: {fileID: 4436673920984810350}
    m_Target: {fileID: 0}
    m_Hint: {fileID: 0}
    m_TargetPositionWeight: 1
    m_TargetRotationWeight: 1
    m_HintWeight: 1
    m_MaintainTargetPositionOffset: 0
    m_MaintainTargetRotationOffset: 0
  m_SourceObjectsGUIToggle: 1
  m_SettingsGUIToggle: 1
--- !u!1 &1071530519
GameObject:
  m_ObjectHideFlags: 0
  m_CorrespondingSourceObject: {fileID: 0}
  m_PrefabInstance: {fileID: 0}
  m_PrefabAsset: {fileID: 0}
  serializedVersion: 6
  m_Component:
  - component: {fileID: 1071530520}
  - component: {fileID: 1071530521}
  m_Layer: 0
  m_Name: HandL
  m_TagString: Untagged
  m_Icon: {fileID: 0}
  m_NavMeshLayer: 0
  m_StaticEditorFlags: 0
  m_IsActive: 1
--- !u!4 &1071530520
Transform:
  m_ObjectHideFlags: 0
  m_CorrespondingSourceObject: {fileID: 0}
  m_PrefabInstance: {fileID: 0}
  m_PrefabAsset: {fileID: 0}
  m_GameObject: {fileID: 1071530519}
  m_LocalRotation: {x: 0, y: 0, z: 0, w: 1}
  m_LocalPosition: {x: 0, y: 0, z: 0}
  m_LocalScale: {x: 1, y: 1, z: 1}
  m_Children: []
  m_Father: {fileID: 16815897}
  m_RootOrder: 0
  m_LocalEulerAnglesHint: {x: 0, y: 0, z: 0}
--- !u!114 &1071530521
MonoBehaviour:
  m_ObjectHideFlags: 0
  m_CorrespondingSourceObject: {fileID: 0}
  m_PrefabInstance: {fileID: 0}
  m_PrefabAsset: {fileID: 0}
  m_GameObject: {fileID: 1071530519}
  m_Enabled: 1
  m_EditorHideFlags: 0
  m_Script: {fileID: 11500000, guid: aeda7bfbf984f2a4da5ab4b8967b115d, type: 3}
  m_Name: 
  m_EditorClassIdentifier: 
  m_Weight: 1
  m_Data:
    m_Root: {fileID: 4436673921493373138}
    m_Mid: {fileID: 4436673921771447996}
    m_Tip: {fileID: 4436673920587264232}
    m_Target: {fileID: 0}
    m_Hint: {fileID: 0}
    m_TargetPositionWeight: 1
    m_TargetRotationWeight: 1
    m_HintWeight: 1
    m_MaintainTargetPositionOffset: 0
    m_MaintainTargetRotationOffset: 0
  m_SourceObjectsGUIToggle: 1
  m_SettingsGUIToggle: 1
--- !u!1 &1094924624
GameObject:
  m_ObjectHideFlags: 0
  m_CorrespondingSourceObject: {fileID: 0}
  m_PrefabInstance: {fileID: 0}
  m_PrefabAsset: {fileID: 0}
  serializedVersion: 6
  m_Component:
  - component: {fileID: 1094924625}
  - component: {fileID: 1094924626}
  m_Layer: 0
  m_Name: Spine (1)
  m_TagString: Untagged
  m_Icon: {fileID: 0}
  m_NavMeshLayer: 0
  m_StaticEditorFlags: 0
  m_IsActive: 1
--- !u!4 &1094924625
Transform:
  m_ObjectHideFlags: 0
  m_CorrespondingSourceObject: {fileID: 0}
  m_PrefabInstance: {fileID: 0}
  m_PrefabAsset: {fileID: 0}
  m_GameObject: {fileID: 1094924624}
  m_LocalRotation: {x: 0, y: 0, z: 0, w: 1}
  m_LocalPosition: {x: 0, y: 0, z: 0}
  m_LocalScale: {x: 1, y: 1, z: 1}
  m_Children: []
  m_Father: {fileID: 2130841703}
  m_RootOrder: 1
  m_LocalEulerAnglesHint: {x: 0, y: 0, z: 0}
--- !u!114 &1094924626
MonoBehaviour:
  m_ObjectHideFlags: 0
  m_CorrespondingSourceObject: {fileID: 0}
  m_PrefabInstance: {fileID: 0}
  m_PrefabAsset: {fileID: 0}
  m_GameObject: {fileID: 1094924624}
  m_Enabled: 1
  m_EditorHideFlags: 0
  m_Script: {fileID: 11500000, guid: e3c430f382484144e925c097c2d33cfe, type: 3}
  m_Name: 
  m_EditorClassIdentifier: 
  m_Weight: 1
  m_Data:
    m_ConstrainedObject: {fileID: 4436673920260859515}
    m_SourceObjects:
      m_Length: 1
      m_Item0:
        transform: {fileID: 0}
        weight: 0.2
      m_Item1:
        transform: {fileID: 0}
        weight: 0
      m_Item2:
        transform: {fileID: 0}
        weight: 0
      m_Item3:
        transform: {fileID: 0}
        weight: 0
      m_Item4:
        transform: {fileID: 0}
        weight: 0
      m_Item5:
        transform: {fileID: 0}
        weight: 0
      m_Item6:
        transform: {fileID: 0}
        weight: 0
      m_Item7:
        transform: {fileID: 0}
        weight: 0
    m_Offset: {x: 0, y: 0, z: 0}
    m_MinLimit: -180
    m_MaxLimit: 180
    m_AimAxis: 4
    m_MaintainOffset: 1
    m_ConstrainedAxes:
      x: 1
      y: 1
      z: 1
  m_SourceObjectsGUIToggle: 1
  m_SettingsGUIToggle: 1
--- !u!1 &1207780269
GameObject:
  m_ObjectHideFlags: 0
  m_CorrespondingSourceObject: {fileID: 0}
  m_PrefabInstance: {fileID: 0}
  m_PrefabAsset: {fileID: 0}
  serializedVersion: 6
  m_Component:
  - component: {fileID: 1207780270}
  - component: {fileID: 1207780271}
  m_Layer: 0
  m_Name: HandL
  m_TagString: Untagged
  m_Icon: {fileID: 0}
  m_NavMeshLayer: 0
  m_StaticEditorFlags: 0
  m_IsActive: 1
--- !u!4 &1207780270
Transform:
  m_ObjectHideFlags: 0
  m_CorrespondingSourceObject: {fileID: 0}
  m_PrefabInstance: {fileID: 0}
  m_PrefabAsset: {fileID: 0}
  m_GameObject: {fileID: 1207780269}
  m_LocalRotation: {x: 0, y: 0, z: 0, w: 1}
  m_LocalPosition: {x: 0, y: 0, z: 0}
  m_LocalScale: {x: 1, y: 1, z: 1}
  m_Children: []
  m_Father: {fileID: 366525564}
  m_RootOrder: 0
  m_LocalEulerAnglesHint: {x: 0, y: 0, z: 0}
--- !u!114 &1207780271
MonoBehaviour:
  m_ObjectHideFlags: 0
  m_CorrespondingSourceObject: {fileID: 0}
  m_PrefabInstance: {fileID: 0}
  m_PrefabAsset: {fileID: 0}
  m_GameObject: {fileID: 1207780269}
  m_Enabled: 1
  m_EditorHideFlags: 0
  m_Script: {fileID: 11500000, guid: aeda7bfbf984f2a4da5ab4b8967b115d, type: 3}
  m_Name: 
  m_EditorClassIdentifier: 
  m_Weight: 1
  m_Data:
    m_Root: {fileID: 4436673921493373138}
    m_Mid: {fileID: 4436673921771447996}
    m_Tip: {fileID: 4436673920587264232}
    m_Target: {fileID: 0}
    m_Hint: {fileID: 0}
    m_TargetPositionWeight: 1
    m_TargetRotationWeight: 1
    m_HintWeight: 1
    m_MaintainTargetPositionOffset: 0
    m_MaintainTargetRotationOffset: 0
  m_SourceObjectsGUIToggle: 1
  m_SettingsGUIToggle: 1
--- !u!1 &1266018535
GameObject:
  m_ObjectHideFlags: 0
  m_CorrespondingSourceObject: {fileID: 0}
  m_PrefabInstance: {fileID: 0}
  m_PrefabAsset: {fileID: 0}
  serializedVersion: 6
  m_Component:
  - component: {fileID: 1266018536}
  - component: {fileID: 1266018537}
  m_Layer: 0
  m_Name: LegR
  m_TagString: Untagged
  m_Icon: {fileID: 0}
  m_NavMeshLayer: 0
  m_StaticEditorFlags: 0
  m_IsActive: 1
--- !u!4 &1266018536
Transform:
  m_ObjectHideFlags: 0
  m_CorrespondingSourceObject: {fileID: 0}
  m_PrefabInstance: {fileID: 0}
  m_PrefabAsset: {fileID: 0}
  m_GameObject: {fileID: 1266018535}
  m_LocalRotation: {x: 0, y: 0, z: 0, w: 1}
  m_LocalPosition: {x: -0, y: 0, z: -0.403}
  m_LocalScale: {x: 1, y: 1, z: 1}
  m_Children: []
  m_Father: {fileID: 1946977066}
  m_RootOrder: 1
  m_LocalEulerAnglesHint: {x: 0, y: 0, z: 0}
--- !u!114 &1266018537
MonoBehaviour:
  m_ObjectHideFlags: 0
  m_CorrespondingSourceObject: {fileID: 0}
  m_PrefabInstance: {fileID: 0}
  m_PrefabAsset: {fileID: 0}
  m_GameObject: {fileID: 1266018535}
  m_Enabled: 1
  m_EditorHideFlags: 0
  m_Script: {fileID: 11500000, guid: aeda7bfbf984f2a4da5ab4b8967b115d, type: 3}
  m_Name: 
  m_EditorClassIdentifier: 
  m_Weight: 1
  m_Data:
    m_Root: {fileID: 4436673921733831871}
    m_Mid: {fileID: 4436673921699584598}
    m_Tip: {fileID: 4436673920483844958}
    m_Target: {fileID: 0}
    m_Hint: {fileID: 0}
    m_TargetPositionWeight: 1
    m_TargetRotationWeight: 1
    m_HintWeight: 1
    m_MaintainTargetPositionOffset: 0
    m_MaintainTargetRotationOffset: 0
  m_SourceObjectsGUIToggle: 1
  m_SettingsGUIToggle: 1
--- !u!1 &1497976238
GameObject:
  m_ObjectHideFlags: 0
  m_CorrespondingSourceObject: {fileID: 0}
  m_PrefabInstance: {fileID: 0}
  m_PrefabAsset: {fileID: 0}
  serializedVersion: 6
  m_Component:
  - component: {fileID: 1497976239}
  - component: {fileID: 1497976240}
  m_Layer: 0
  m_Name: LegL
  m_TagString: Untagged
  m_Icon: {fileID: 0}
  m_NavMeshLayer: 0
  m_StaticEditorFlags: 0
  m_IsActive: 1
--- !u!4 &1497976239
Transform:
  m_ObjectHideFlags: 0
  m_CorrespondingSourceObject: {fileID: 0}
  m_PrefabInstance: {fileID: 0}
  m_PrefabAsset: {fileID: 0}
  m_GameObject: {fileID: 1497976238}
  m_LocalRotation: {x: 0, y: 0, z: 0, w: 1}
  m_LocalPosition: {x: -0, y: 0, z: 0.524}
  m_LocalScale: {x: 1, y: 1, z: 1}
  m_Children: []
  m_Father: {fileID: 133867834}
  m_RootOrder: 0
  m_LocalEulerAnglesHint: {x: 0, y: 0, z: 0}
--- !u!114 &1497976240
MonoBehaviour:
  m_ObjectHideFlags: 0
  m_CorrespondingSourceObject: {fileID: 0}
  m_PrefabInstance: {fileID: 0}
  m_PrefabAsset: {fileID: 0}
  m_GameObject: {fileID: 1497976238}
  m_Enabled: 1
  m_EditorHideFlags: 0
  m_Script: {fileID: 11500000, guid: cf219326d2292de48a0c671da18d402b, type: 3}
  m_Name: 
  m_EditorClassIdentifier: 
  m_Weight: 0.131
  m_Data:
    m_ConstrainedObject: {fileID: 4436673920209530745}
    m_OverrideSource: {fileID: 0}
    m_OverridePosition: {x: 0, y: 0, z: 0}
    m_OverrideRotation: {x: 0, y: 0, z: 0}
    m_PositionWeight: 1
    m_RotationWeight: 1
    m_Space: 1
  m_SourceObjectsGUIToggle: 1
  m_SettingsGUIToggle: 1
--- !u!1 &1946977065
GameObject:
  m_ObjectHideFlags: 0
  m_CorrespondingSourceObject: {fileID: 0}
  m_PrefabInstance: {fileID: 0}
  m_PrefabAsset: {fileID: 0}
  serializedVersion: 6
  m_Component:
  - component: {fileID: 1946977066}
  - component: {fileID: 1946977067}
  m_Layer: 0
  m_Name: Legs
  m_TagString: Untagged
  m_Icon: {fileID: 0}
  m_NavMeshLayer: 0
  m_StaticEditorFlags: 0
  m_IsActive: 1
--- !u!4 &1946977066
Transform:
  m_ObjectHideFlags: 0
  m_CorrespondingSourceObject: {fileID: 0}
  m_PrefabInstance: {fileID: 0}
  m_PrefabAsset: {fileID: 0}
  m_GameObject: {fileID: 1946977065}
  m_LocalRotation: {x: 0, y: 0, z: 0, w: 1}
  m_LocalPosition: {x: 0, y: 0, z: 0}
  m_LocalScale: {x: 1, y: 1, z: 1}
  m_Children:
  - {fileID: 1970273353}
  - {fileID: 1266018536}
  m_Father: {fileID: 4436673921900422469}
  m_RootOrder: 4
  m_LocalEulerAnglesHint: {x: 0, y: 0, z: 0}
--- !u!114 &1946977067
MonoBehaviour:
  m_ObjectHideFlags: 0
  m_CorrespondingSourceObject: {fileID: 0}
  m_PrefabInstance: {fileID: 0}
  m_PrefabAsset: {fileID: 0}
  m_GameObject: {fileID: 1946977065}
  m_Enabled: 1
  m_EditorHideFlags: 0
  m_Script: {fileID: 11500000, guid: 70b342d8ce5c2fd48b8fa3147d48d1d1, type: 3}
  m_Name: 
  m_EditorClassIdentifier: 
  m_Weight: 1
  m_Effectors:
  - m_Transform: {fileID: 0}
    m_Style:
      shape: {fileID: 4300000, guid: c6793350c150f456688e39a81f97364a, type: 2}
      color: {r: 1, g: 0, b: 0, a: 0.5}
      size: 0.1
      position: {x: 0, y: 0, z: 0}
      rotation: {x: 0, y: 0, z: 0}
    m_Visible: 1
--- !u!1 &1970273352
GameObject:
  m_ObjectHideFlags: 0
  m_CorrespondingSourceObject: {fileID: 0}
  m_PrefabInstance: {fileID: 0}
  m_PrefabAsset: {fileID: 0}
  serializedVersion: 6
  m_Component:
  - component: {fileID: 1970273353}
  - component: {fileID: 1970273354}
  m_Layer: 0
  m_Name: LegL
  m_TagString: Untagged
  m_Icon: {fileID: 0}
  m_NavMeshLayer: 0
  m_StaticEditorFlags: 0
  m_IsActive: 1
--- !u!4 &1970273353
Transform:
  m_ObjectHideFlags: 0
  m_CorrespondingSourceObject: {fileID: 0}
  m_PrefabInstance: {fileID: 0}
  m_PrefabAsset: {fileID: 0}
  m_GameObject: {fileID: 1970273352}
  m_LocalRotation: {x: 0, y: 0, z: 0, w: 1}
  m_LocalPosition: {x: -0, y: 0, z: 0.524}
  m_LocalScale: {x: 1, y: 1, z: 1}
  m_Children: []
  m_Father: {fileID: 1946977066}
  m_RootOrder: 0
  m_LocalEulerAnglesHint: {x: 0, y: 0, z: 0}
--- !u!114 &1970273354
MonoBehaviour:
  m_ObjectHideFlags: 0
  m_CorrespondingSourceObject: {fileID: 0}
  m_PrefabInstance: {fileID: 0}
  m_PrefabAsset: {fileID: 0}
  m_GameObject: {fileID: 1970273352}
  m_Enabled: 1
  m_EditorHideFlags: 0
  m_Script: {fileID: 11500000, guid: aeda7bfbf984f2a4da5ab4b8967b115d, type: 3}
  m_Name: 
  m_EditorClassIdentifier: 
  m_Weight: 1
  m_Data:
    m_Root: {fileID: 4436673922149049812}
    m_Mid: {fileID: 4436673920497472606}
    m_Tip: {fileID: 4436673920564041242}
    m_Target: {fileID: 0}
    m_Hint: {fileID: 0}
    m_TargetPositionWeight: 1
    m_TargetRotationWeight: 1
    m_HintWeight: 1
    m_MaintainTargetPositionOffset: 0
    m_MaintainTargetRotationOffset: 0
  m_SourceObjectsGUIToggle: 1
  m_SettingsGUIToggle: 1
--- !u!1 &2130841701
GameObject:
  m_ObjectHideFlags: 0
  m_CorrespondingSourceObject: {fileID: 0}
  m_PrefabInstance: {fileID: 0}
  m_PrefabAsset: {fileID: 0}
  serializedVersion: 6
  m_Component:
  - component: {fileID: 2130841703}
  - component: {fileID: 2130841702}
  m_Layer: 0
  m_Name: Spines
  m_TagString: Untagged
  m_Icon: {fileID: 0}
  m_NavMeshLayer: 0
  m_StaticEditorFlags: 0
  m_IsActive: 1
--- !u!4 &2130841703
Transform:
  m_ObjectHideFlags: 0
  m_CorrespondingSourceObject: {fileID: 0}
  m_PrefabInstance: {fileID: 0}
  m_PrefabAsset: {fileID: 0}
  m_GameObject: {fileID: 2130841701}
  m_LocalRotation: {x: 0, y: 0, z: 0, w: 1}
  m_LocalPosition: {x: 0, y: 0, z: 0}
  m_LocalScale: {x: 1, y: 1, z: 1}
  m_Children:
  - {fileID: 18471546}
  - {fileID: 1094924625}
  - {fileID: 112020471}
  m_Father: {fileID: 4436673921900422469}
  m_RootOrder: 3
  m_LocalEulerAnglesHint: {x: 0, y: 0, z: 0}
--- !u!114 &2130841702
MonoBehaviour:
  m_ObjectHideFlags: 0
  m_CorrespondingSourceObject: {fileID: 0}
  m_PrefabInstance: {fileID: 0}
  m_PrefabAsset: {fileID: 0}
  m_GameObject: {fileID: 2130841701}
  m_Enabled: 1
  m_EditorHideFlags: 0
  m_Script: {fileID: 11500000, guid: 70b342d8ce5c2fd48b8fa3147d48d1d1, type: 3}
  m_Name: 
  m_EditorClassIdentifier: 
  m_Weight: 1
  m_Effectors:
  - m_Transform: {fileID: 0}
    m_Style:
      shape: {fileID: 4300000, guid: c6793350c150f456688e39a81f97364a, type: 2}
      color: {r: 1, g: 0, b: 0, a: 0.5}
      size: 0.1
      position: {x: 0, y: 0, z: 0}
      rotation: {x: 0, y: 0, z: 0}
    m_Visible: 1
--- !u!114 &2112224412
MonoBehaviour:
  m_ObjectHideFlags: 0
  m_CorrespondingSourceObject: {fileID: 0}
  m_PrefabInstance: {fileID: 0}
  m_PrefabAsset: {fileID: 0}
  m_GameObject: {fileID: 4436673921676450875}
  m_Enabled: 0
  m_EditorHideFlags: 0
  m_Script: {fileID: 11500000, guid: 4a7da6322859d1d4797c5989a614abd4, type: 3}
  m_Name: 
  m_EditorClassIdentifier: 
  magnitude: 0.1
  rb: {fileID: 0}
  magnitudeRight: 0
  magnitudeUp: 0
  magnitudeDown: 0
  maxRight: 0
  maxUp: 0
  maxForward: 0
  wzglednyDir: {x: 0, y: 0, z: 0}
  velocityDiff: 0
  myType: 1
  startPos: {x: 0, y: 0, z: 0}
--- !u!114 &1197717946
MonoBehaviour:
  m_ObjectHideFlags: 0
  m_CorrespondingSourceObject: {fileID: 0}
  m_PrefabInstance: {fileID: 0}
  m_PrefabAsset: {fileID: 0}
  m_GameObject: {fileID: 4436673921900422468}
  m_Enabled: 1
  m_EditorHideFlags: 0
  m_Script: {fileID: 11500000, guid: fff0960ef4ea6e04eac66b4a7fd2189d, type: 3}
  m_Name: 
  m_EditorClassIdentifier: 
  m_RigLayers:
  - rig: {fileID: 2130841702}
    active: 1
  - rig: {fileID: 16815896}
    active: 1
  - rig: {fileID: 1946977067}
    active: 1
  - rig: {fileID: 133867835}
    active: 1
  m_Effectors: []
--- !u!114 &1928395900
MonoBehaviour:
  m_ObjectHideFlags: 0
  m_CorrespondingSourceObject: {fileID: 0}
  m_PrefabInstance: {fileID: 0}
  m_PrefabAsset: {fileID: 0}
  m_GameObject: {fileID: 4436673921673721155}
  m_Enabled: 1
  m_EditorHideFlags: 0
  m_Script: {fileID: 11500000, guid: ec3342000d2eb2c40b6f96bddfabd004, type: 3}
  m_Name: 
  m_EditorClassIdentifier: 
  input: 5
  scooter: {fileID: 0}
--- !u!1001 &8377552312605787008
PrefabInstance:
  m_ObjectHideFlags: 0
  serializedVersion: 2
  m_Modification:
    m_TransformParent: {fileID: 0}
    m_Modifications:
    - target: {fileID: 5319085538171007428, guid: 7653976a30deaab4eaf0533878fae252,
        type: 3}
      propertyPath: m_Layer
      value: 9
      objectReference: {fileID: 0}
    - target: {fileID: 5319085538191763404, guid: 7653976a30deaab4eaf0533878fae252,
        type: 3}
      propertyPath: m_Layer
      value: 9
      objectReference: {fileID: 0}
    - target: {fileID: 5319085538191763406, guid: 7653976a30deaab4eaf0533878fae252,
        type: 3}
      propertyPath: m_ConnectedAnchor.x
      value: 0.000000081490725
      objectReference: {fileID: 0}
    - target: {fileID: 5319085538191763406, guid: 7653976a30deaab4eaf0533878fae252,
        type: 3}
      propertyPath: m_ConnectedAnchor.y
      value: 0.27071667
      objectReference: {fileID: 0}
    - target: {fileID: 5319085538191763406, guid: 7653976a30deaab4eaf0533878fae252,
        type: 3}
      propertyPath: m_ConnectedAnchor.z
      value: -0.00000046938658
      objectReference: {fileID: 0}
    - target: {fileID: 5319085538191763406, guid: 7653976a30deaab4eaf0533878fae252,
        type: 3}
      propertyPath: m_Swing2Limit.limit
      value: 29.47
      objectReference: {fileID: 0}
    - target: {fileID: 5319085538191763406, guid: 7653976a30deaab4eaf0533878fae252,
        type: 3}
      propertyPath: m_LowTwistLimit.limit
      value: -21.5
      objectReference: {fileID: 0}
    - target: {fileID: 5319085538191763406, guid: 7653976a30deaab4eaf0533878fae252,
        type: 3}
      propertyPath: m_HighTwistLimit.limit
      value: 93.49
      objectReference: {fileID: 0}
    - target: {fileID: 5319085538209643052, guid: 7653976a30deaab4eaf0533878fae252,
        type: 3}
      propertyPath: m_Layer
      value: 9
      objectReference: {fileID: 0}
    - target: {fileID: 5319085538210944303, guid: 7653976a30deaab4eaf0533878fae252,
        type: 3}
      propertyPath: m_Layer
      value: 9
      objectReference: {fileID: 0}
    - target: {fileID: 5319085538237792493, guid: 7653976a30deaab4eaf0533878fae252,
        type: 3}
      propertyPath: m_Layer
      value: 9
      objectReference: {fileID: 0}
    - target: {fileID: 5319085538263454775, guid: 7653976a30deaab4eaf0533878fae252,
        type: 3}
      propertyPath: m_Layer
      value: 9
      objectReference: {fileID: 0}
    - target: {fileID: 5319085538265488418, guid: 7653976a30deaab4eaf0533878fae252,
        type: 3}
      propertyPath: m_Layer
      value: 9
      objectReference: {fileID: 0}
    - target: {fileID: 5319085538277037964, guid: 7653976a30deaab4eaf0533878fae252,
        type: 3}
      propertyPath: m_ConnectedAnchor.x
      value: 0.091493115
      objectReference: {fileID: 0}
    - target: {fileID: 5319085538277037964, guid: 7653976a30deaab4eaf0533878fae252,
        type: 3}
      propertyPath: m_ConnectedAnchor.y
      value: -0.056916032
      objectReference: {fileID: 0}
    - target: {fileID: 5319085538277037964, guid: 7653976a30deaab4eaf0533878fae252,
        type: 3}
      propertyPath: m_ConnectedAnchor.z
      value: -0.004554527
      objectReference: {fileID: 0}
    - target: {fileID: 5319085538277037969, guid: 7653976a30deaab4eaf0533878fae252,
        type: 3}
      propertyPath: m_Layer
      value: 9
      objectReference: {fileID: 0}
    - target: {fileID: 5319085538281644228, guid: 7653976a30deaab4eaf0533878fae252,
        type: 3}
      propertyPath: m_ConnectedAnchor.x
      value: 0.18844396
      objectReference: {fileID: 0}
    - target: {fileID: 5319085538281644228, guid: 7653976a30deaab4eaf0533878fae252,
        type: 3}
      propertyPath: m_ConnectedAnchor.y
      value: 0.23951344
      objectReference: {fileID: 0}
    - target: {fileID: 5319085538281644228, guid: 7653976a30deaab4eaf0533878fae252,
        type: 3}
      propertyPath: m_ConnectedAnchor.z
      value: -0.004858967
      objectReference: {fileID: 0}
    - target: {fileID: 5319085538281644228, guid: 7653976a30deaab4eaf0533878fae252,
        type: 3}
      propertyPath: m_Swing1Limit.limit
      value: 68.447845
      objectReference: {fileID: 0}
    - target: {fileID: 5319085538281644228, guid: 7653976a30deaab4eaf0533878fae252,
        type: 3}
      propertyPath: m_Swing2Limit.limit
      value: 52.744358
      objectReference: {fileID: 0}
    - target: {fileID: 5319085538281644228, guid: 7653976a30deaab4eaf0533878fae252,
        type: 3}
      propertyPath: m_LowTwistLimit.limit
      value: -15.544296
      objectReference: {fileID: 0}
    - target: {fileID: 5319085538281644233, guid: 7653976a30deaab4eaf0533878fae252,
        type: 3}
      propertyPath: m_Layer
      value: 9
      objectReference: {fileID: 0}
    - target: {fileID: 5319085538282486462, guid: 7653976a30deaab4eaf0533878fae252,
        type: 3}
      propertyPath: m_Layer
      value: 9
      objectReference: {fileID: 0}
    - target: {fileID: 5319085538307294008, guid: 7653976a30deaab4eaf0533878fae252,
        type: 3}
      propertyPath: m_Layer
      value: 9
      objectReference: {fileID: 0}
    - target: {fileID: 5319085538322016348, guid: 7653976a30deaab4eaf0533878fae252,
        type: 3}
      propertyPath: m_Layer
      value: 9
      objectReference: {fileID: 0}
    - target: {fileID: 5319085538322146724, guid: 7653976a30deaab4eaf0533878fae252,
        type: 3}
      propertyPath: m_Layer
      value: 9
      objectReference: {fileID: 0}
    - target: {fileID: 5319085538342815634, guid: 7653976a30deaab4eaf0533878fae252,
        type: 3}
      propertyPath: m_Layer
      value: 9
      objectReference: {fileID: 0}
    - target: {fileID: 5319085538342927703, guid: 7653976a30deaab4eaf0533878fae252,
        type: 3}
      propertyPath: m_Layer
      value: 9
      objectReference: {fileID: 0}
    - target: {fileID: 5319085538348967996, guid: 7653976a30deaab4eaf0533878fae252,
        type: 3}
      propertyPath: m_Layer
      value: 9
      objectReference: {fileID: 0}
    - target: {fileID: 5319085538355455934, guid: 7653976a30deaab4eaf0533878fae252,
        type: 3}
      propertyPath: m_Layer
      value: 9
      objectReference: {fileID: 0}
    - target: {fileID: 5319085538358633137, guid: 7653976a30deaab4eaf0533878fae252,
        type: 3}
      propertyPath: m_Layer
      value: 9
      objectReference: {fileID: 0}
    - target: {fileID: 5319085538374138757, guid: 7653976a30deaab4eaf0533878fae252,
        type: 3}
      propertyPath: m_Layer
      value: 9
      objectReference: {fileID: 0}
    - target: {fileID: 5319085538393575256, guid: 7653976a30deaab4eaf0533878fae252,
        type: 3}
      propertyPath: m_Layer
      value: 9
      objectReference: {fileID: 0}
    - target: {fileID: 5319085538404008163, guid: 7653976a30deaab4eaf0533878fae252,
        type: 3}
      propertyPath: m_Layer
      value: 9
      objectReference: {fileID: 0}
    - target: {fileID: 5319085538407258590, guid: 7653976a30deaab4eaf0533878fae252,
        type: 3}
      propertyPath: m_Layer
      value: 9
      objectReference: {fileID: 0}
    - target: {fileID: 5319085538407490692, guid: 7653976a30deaab4eaf0533878fae252,
        type: 3}
      propertyPath: m_Layer
      value: 9
      objectReference: {fileID: 0}
    - target: {fileID: 5319085538416862234, guid: 7653976a30deaab4eaf0533878fae252,
        type: 3}
      propertyPath: m_Layer
      value: 9
      objectReference: {fileID: 0}
    - target: {fileID: 5319085538418820224, guid: 7653976a30deaab4eaf0533878fae252,
        type: 3}
      propertyPath: m_Layer
      value: 9
      objectReference: {fileID: 0}
    - target: {fileID: 5319085538425810332, guid: 7653976a30deaab4eaf0533878fae252,
        type: 3}
      propertyPath: m_Layer
      value: 9
      objectReference: {fileID: 0}
    - target: {fileID: 5319085538440749906, guid: 7653976a30deaab4eaf0533878fae252,
        type: 3}
      propertyPath: m_Layer
      value: 9
      objectReference: {fileID: 0}
    - target: {fileID: 5319085538474408134, guid: 7653976a30deaab4eaf0533878fae252,
        type: 3}
      propertyPath: m_Layer
      value: 9
      objectReference: {fileID: 0}
    - target: {fileID: 5319085538516708646, guid: 7653976a30deaab4eaf0533878fae252,
        type: 3}
      propertyPath: m_Layer
      value: 9
      objectReference: {fileID: 0}
    - target: {fileID: 5319085538521389127, guid: 7653976a30deaab4eaf0533878fae252,
        type: 3}
      propertyPath: m_Layer
      value: 9
      objectReference: {fileID: 0}
    - target: {fileID: 5319085538521389127, guid: 7653976a30deaab4eaf0533878fae252,
        type: 3}
      propertyPath: m_IsActive
      value: 0
      objectReference: {fileID: 0}
    - target: {fileID: 5319085538523010580, guid: 7653976a30deaab4eaf0533878fae252,
        type: 3}
      propertyPath: m_Layer
      value: 9
      objectReference: {fileID: 0}
    - target: {fileID: 5319085538524982750, guid: 7653976a30deaab4eaf0533878fae252,
        type: 3}
      propertyPath: m_Layer
      value: 9
      objectReference: {fileID: 0}
    - target: {fileID: 5319085538526981986, guid: 7653976a30deaab4eaf0533878fae252,
        type: 3}
      propertyPath: m_Layer
      value: 9
      objectReference: {fileID: 0}
    - target: {fileID: 5319085538535081416, guid: 7653976a30deaab4eaf0533878fae252,
        type: 3}
      propertyPath: m_Layer
      value: 9
      objectReference: {fileID: 0}
    - target: {fileID: 5319085538536109261, guid: 7653976a30deaab4eaf0533878fae252,
        type: 3}
      propertyPath: m_Layer
      value: 9
      objectReference: {fileID: 0}
    - target: {fileID: 5319085538553514280, guid: 7653976a30deaab4eaf0533878fae252,
        type: 3}
      propertyPath: m_Layer
      value: 9
      objectReference: {fileID: 0}
    - target: {fileID: 5319085538563143933, guid: 7653976a30deaab4eaf0533878fae252,
        type: 3}
      propertyPath: m_Layer
      value: 9
      objectReference: {fileID: 0}
    - target: {fileID: 5319085538579792391, guid: 7653976a30deaab4eaf0533878fae252,
        type: 3}
      propertyPath: m_Layer
      value: 9
      objectReference: {fileID: 0}
    - target: {fileID: 5319085538579792391, guid: 7653976a30deaab4eaf0533878fae252,
        type: 3}
      propertyPath: m_IsActive
      value: 1
      objectReference: {fileID: 0}
    - target: {fileID: 5319085538595393353, guid: 7653976a30deaab4eaf0533878fae252,
        type: 3}
      propertyPath: m_Layer
      value: 9
      objectReference: {fileID: 0}
    - target: {fileID: 5319085538597200167, guid: 7653976a30deaab4eaf0533878fae252,
        type: 3}
      propertyPath: m_Layer
      value: 9
      objectReference: {fileID: 0}
    - target: {fileID: 5319085538603141951, guid: 7653976a30deaab4eaf0533878fae252,
        type: 3}
      propertyPath: m_Layer
      value: 9
      objectReference: {fileID: 0}
    - target: {fileID: 5319085538651653046, guid: 7653976a30deaab4eaf0533878fae252,
        type: 3}
      propertyPath: m_Layer
      value: 9
      objectReference: {fileID: 0}
    - target: {fileID: 5319085538681935541, guid: 7653976a30deaab4eaf0533878fae252,
        type: 3}
      propertyPath: m_ConnectedAnchor.x
      value: 0.0000418943
      objectReference: {fileID: 0}
    - target: {fileID: 5319085538681935541, guid: 7653976a30deaab4eaf0533878fae252,
        type: 3}
      propertyPath: m_ConnectedAnchor.y
      value: 0.22179385
      objectReference: {fileID: 0}
    - target: {fileID: 5319085538681935541, guid: 7653976a30deaab4eaf0533878fae252,
        type: 3}
      propertyPath: m_ConnectedAnchor.z
      value: -0.021350585
      objectReference: {fileID: 0}
    - target: {fileID: 5319085538681935541, guid: 7653976a30deaab4eaf0533878fae252,
        type: 3}
      propertyPath: m_Swing1Limit.limit
      value: 20.562504
      objectReference: {fileID: 0}
    - target: {fileID: 5319085538681935541, guid: 7653976a30deaab4eaf0533878fae252,
        type: 3}
      propertyPath: m_Swing2Limit.limit
      value: 30.501816
      objectReference: {fileID: 0}
    - target: {fileID: 5319085538681935541, guid: 7653976a30deaab4eaf0533878fae252,
        type: 3}
      propertyPath: m_LowTwistLimit.limit
      value: -25.352386
      objectReference: {fileID: 0}
    - target: {fileID: 5319085538681935546, guid: 7653976a30deaab4eaf0533878fae252,
        type: 3}
      propertyPath: m_Layer
      value: 9
      objectReference: {fileID: 0}
    - target: {fileID: 5319085538727847322, guid: 7653976a30deaab4eaf0533878fae252,
        type: 3}
      propertyPath: m_Layer
      value: 9
      objectReference: {fileID: 0}
    - target: {fileID: 5319085538728184682, guid: 7653976a30deaab4eaf0533878fae252,
        type: 3}
      propertyPath: m_Layer
      value: 9
      objectReference: {fileID: 0}
    - target: {fileID: 5319085538748575825, guid: 7653976a30deaab4eaf0533878fae252,
        type: 3}
      propertyPath: m_Layer
      value: 9
      objectReference: {fileID: 0}
    - target: {fileID: 5319085538791003572, guid: 7653976a30deaab4eaf0533878fae252,
        type: 3}
      propertyPath: m_Layer
      value: 9
      objectReference: {fileID: 0}
    - target: {fileID: 5319085538810208477, guid: 7653976a30deaab4eaf0533878fae252,
        type: 3}
      propertyPath: m_Layer
      value: 9
      objectReference: {fileID: 0}
    - target: {fileID: 5319085538812221459, guid: 7653976a30deaab4eaf0533878fae252,
        type: 3}
      propertyPath: m_Layer
      value: 9
      objectReference: {fileID: 0}
    - target: {fileID: 5319085538816164085, guid: 7653976a30deaab4eaf0533878fae252,
        type: 3}
      propertyPath: m_Layer
      value: 9
      objectReference: {fileID: 0}
    - target: {fileID: 5319085538819134654, guid: 7653976a30deaab4eaf0533878fae252,
        type: 3}
      propertyPath: m_Layer
      value: 9
      objectReference: {fileID: 0}
    - target: {fileID: 5319085538821740509, guid: 7653976a30deaab4eaf0533878fae252,
        type: 3}
      propertyPath: m_Layer
      value: 9
      objectReference: {fileID: 0}
    - target: {fileID: 5319085538834381470, guid: 7653976a30deaab4eaf0533878fae252,
        type: 3}
      propertyPath: m_Layer
      value: 9
      objectReference: {fileID: 0}
    - target: {fileID: 5319085538838477854, guid: 7653976a30deaab4eaf0533878fae252,
        type: 3}
      propertyPath: m_Layer
      value: 9
      objectReference: {fileID: 0}
    - target: {fileID: 5319085538846595770, guid: 7653976a30deaab4eaf0533878fae252,
        type: 3}
      propertyPath: m_Layer
      value: 9
      objectReference: {fileID: 0}
    - target: {fileID: 5319085538850070646, guid: 7653976a30deaab4eaf0533878fae252,
        type: 3}
      propertyPath: m_Layer
      value: 9
      objectReference: {fileID: 0}
    - target: {fileID: 5319085538858269785, guid: 7653976a30deaab4eaf0533878fae252,
        type: 3}
      propertyPath: m_Layer
      value: 9
      objectReference: {fileID: 0}
    - target: {fileID: 5319085538861250635, guid: 7653976a30deaab4eaf0533878fae252,
        type: 3}
      propertyPath: m_Layer
      value: 9
      objectReference: {fileID: 0}
    - target: {fileID: 5319085538866425099, guid: 7653976a30deaab4eaf0533878fae252,
        type: 3}
      propertyPath: m_Layer
      value: 9
      objectReference: {fileID: 0}
    - target: {fileID: 5319085538888946021, guid: 7653976a30deaab4eaf0533878fae252,
        type: 3}
      propertyPath: m_Layer
      value: 9
      objectReference: {fileID: 0}
    - target: {fileID: 5319085538889389465, guid: 7653976a30deaab4eaf0533878fae252,
        type: 3}
      propertyPath: m_Layer
      value: 9
      objectReference: {fileID: 0}
    - target: {fileID: 5319085538910423084, guid: 7653976a30deaab4eaf0533878fae252,
        type: 3}
      propertyPath: m_Layer
      value: 9
      objectReference: {fileID: 0}
    - target: {fileID: 5319085538912318319, guid: 7653976a30deaab4eaf0533878fae252,
        type: 3}
      propertyPath: m_Layer
      value: 9
      objectReference: {fileID: 0}
    - target: {fileID: 5319085538944934108, guid: 7653976a30deaab4eaf0533878fae252,
        type: 3}
      propertyPath: m_Layer
      value: 9
      objectReference: {fileID: 0}
    - target: {fileID: 5319085538961550881, guid: 7653976a30deaab4eaf0533878fae252,
        type: 3}
      propertyPath: m_Layer
      value: 9
      objectReference: {fileID: 0}
    - target: {fileID: 5319085538986663494, guid: 7653976a30deaab4eaf0533878fae252,
        type: 3}
      propertyPath: m_Layer
      value: 9
      objectReference: {fileID: 0}
    - target: {fileID: 5319085538994483646, guid: 7653976a30deaab4eaf0533878fae252,
        type: 3}
      propertyPath: m_Layer
      value: 9
      objectReference: {fileID: 0}
    - target: {fileID: 5319085538996320806, guid: 7653976a30deaab4eaf0533878fae252,
        type: 3}
      propertyPath: m_Layer
      value: 9
      objectReference: {fileID: 0}
    - target: {fileID: 5319085539009340677, guid: 7653976a30deaab4eaf0533878fae252,
        type: 3}
      propertyPath: m_Layer
      value: 9
      objectReference: {fileID: 0}
    - target: {fileID: 5319085539029708706, guid: 7653976a30deaab4eaf0533878fae252,
        type: 3}
      propertyPath: m_Layer
      value: 9
      objectReference: {fileID: 0}
    - target: {fileID: 5319085539042965001, guid: 7653976a30deaab4eaf0533878fae252,
        type: 3}
      propertyPath: m_ConnectedAnchor.x
      value: -0.18844405
      objectReference: {fileID: 0}
    - target: {fileID: 5319085539042965001, guid: 7653976a30deaab4eaf0533878fae252,
        type: 3}
      propertyPath: m_ConnectedAnchor.y
      value: 0.23953845
      objectReference: {fileID: 0}
    - target: {fileID: 5319085539042965001, guid: 7653976a30deaab4eaf0533878fae252,
        type: 3}
      propertyPath: m_ConnectedAnchor.z
      value: -0.0051236115
      objectReference: {fileID: 0}
    - target: {fileID: 5319085539042965001, guid: 7653976a30deaab4eaf0533878fae252,
        type: 3}
      propertyPath: m_Swing1Limit.limit
      value: 81.8
      objectReference: {fileID: 0}
    - target: {fileID: 5319085539042965001, guid: 7653976a30deaab4eaf0533878fae252,
        type: 3}
      propertyPath: m_Swing2Limit.limit
      value: 28.38
      objectReference: {fileID: 0}
    - target: {fileID: 5319085539042965001, guid: 7653976a30deaab4eaf0533878fae252,
        type: 3}
      propertyPath: m_LowTwistLimit.limit
      value: -137.4
      objectReference: {fileID: 0}
    - target: {fileID: 5319085539042965001, guid: 7653976a30deaab4eaf0533878fae252,
        type: 3}
      propertyPath: m_HighTwistLimit.limit
      value: 8.7
      objectReference: {fileID: 0}
    - target: {fileID: 5319085539042965006, guid: 7653976a30deaab4eaf0533878fae252,
        type: 3}
      propertyPath: m_Layer
      value: 9
      objectReference: {fileID: 0}
    - target: {fileID: 5319085539056477982, guid: 7653976a30deaab4eaf0533878fae252,
        type: 3}
      propertyPath: m_Layer
      value: 9
      objectReference: {fileID: 0}
    - target: {fileID: 5319085539059270435, guid: 7653976a30deaab4eaf0533878fae252,
        type: 3}
      propertyPath: m_Layer
      value: 9
      objectReference: {fileID: 0}
    - target: {fileID: 5319085539064219393, guid: 7653976a30deaab4eaf0533878fae252,
        type: 3}
      propertyPath: m_Layer
      value: 9
      objectReference: {fileID: 0}
    - target: {fileID: 5319085539071814904, guid: 7653976a30deaab4eaf0533878fae252,
        type: 3}
      propertyPath: m_Layer
      value: 9
      objectReference: {fileID: 0}
    - target: {fileID: 5319085539083412865, guid: 7653976a30deaab4eaf0533878fae252,
        type: 3}
      propertyPath: m_Layer
      value: 9
      objectReference: {fileID: 0}
    - target: {fileID: 5319085539095334466, guid: 7653976a30deaab4eaf0533878fae252,
        type: 3}
      propertyPath: m_Layer
      value: 9
      objectReference: {fileID: 0}
    - target: {fileID: 5319085539119277737, guid: 7653976a30deaab4eaf0533878fae252,
        type: 3}
      propertyPath: m_Layer
      value: 9
      objectReference: {fileID: 0}
    - target: {fileID: 5319085539122307182, guid: 7653976a30deaab4eaf0533878fae252,
        type: 3}
      propertyPath: m_Layer
      value: 9
      objectReference: {fileID: 0}
    - target: {fileID: 5319085539125470714, guid: 7653976a30deaab4eaf0533878fae252,
        type: 3}
      propertyPath: m_Layer
      value: 9
      objectReference: {fileID: 0}
    - target: {fileID: 5319085539163674432, guid: 7653976a30deaab4eaf0533878fae252,
        type: 3}
      propertyPath: m_Layer
      value: 9
      objectReference: {fileID: 0}
    - target: {fileID: 5319085539171016101, guid: 7653976a30deaab4eaf0533878fae252,
        type: 3}
      propertyPath: m_Layer
      value: 9
      objectReference: {fileID: 0}
    - target: {fileID: 5319085539174527351, guid: 7653976a30deaab4eaf0533878fae252,
        type: 3}
      propertyPath: m_Layer
      value: 9
      objectReference: {fileID: 0}
    - target: {fileID: 5319085539193817380, guid: 7653976a30deaab4eaf0533878fae252,
        type: 3}
      propertyPath: m_Layer
      value: 9
      objectReference: {fileID: 0}
    - target: {fileID: 5319085539212558269, guid: 7653976a30deaab4eaf0533878fae252,
        type: 3}
      propertyPath: m_Layer
      value: 9
      objectReference: {fileID: 0}
    - target: {fileID: 5319085539215460757, guid: 7653976a30deaab4eaf0533878fae252,
        type: 3}
      propertyPath: m_Layer
      value: 9
      objectReference: {fileID: 0}
    - target: {fileID: 5319085539248111062, guid: 7653976a30deaab4eaf0533878fae252,
        type: 3}
      propertyPath: m_Layer
      value: 9
      objectReference: {fileID: 0}
    - target: {fileID: 5319085539260283522, guid: 7653976a30deaab4eaf0533878fae252,
        type: 3}
      propertyPath: m_Layer
      value: 9
      objectReference: {fileID: 0}
    - target: {fileID: 5319085539289825329, guid: 7653976a30deaab4eaf0533878fae252,
        type: 3}
      propertyPath: m_Layer
      value: 9
      objectReference: {fileID: 0}
    - target: {fileID: 5319085539310754527, guid: 7653976a30deaab4eaf0533878fae252,
        type: 3}
      propertyPath: m_Layer
      value: 9
      objectReference: {fileID: 0}
    - target: {fileID: 5319085539316160181, guid: 7653976a30deaab4eaf0533878fae252,
        type: 3}
      propertyPath: m_Layer
      value: 9
      objectReference: {fileID: 0}
    - target: {fileID: 5319085539319333750, guid: 7653976a30deaab4eaf0533878fae252,
        type: 3}
      propertyPath: m_Layer
      value: 9
      objectReference: {fileID: 0}
    - target: {fileID: 5319085539326683709, guid: 7653976a30deaab4eaf0533878fae252,
        type: 3}
      propertyPath: m_Layer
      value: 9
      objectReference: {fileID: 0}
    - target: {fileID: 5319085539356476262, guid: 7653976a30deaab4eaf0533878fae252,
        type: 3}
      propertyPath: m_Layer
      value: 9
      objectReference: {fileID: 0}
    - target: {fileID: 5319085539391455917, guid: 7653976a30deaab4eaf0533878fae252,
        type: 3}
      propertyPath: m_Layer
      value: 9
      objectReference: {fileID: 0}
    - target: {fileID: 5319085539401410139, guid: 7653976a30deaab4eaf0533878fae252,
        type: 3}
      propertyPath: m_Layer
      value: 9
      objectReference: {fileID: 0}
    - target: {fileID: 5319085539402442530, guid: 7653976a30deaab4eaf0533878fae252,
        type: 3}
      propertyPath: m_Layer
      value: 9
      objectReference: {fileID: 0}
    - target: {fileID: 5319085539447434409, guid: 7653976a30deaab4eaf0533878fae252,
        type: 3}
      propertyPath: m_Layer
      value: 9
      objectReference: {fileID: 0}
    - target: {fileID: 5319085539463035999, guid: 7653976a30deaab4eaf0533878fae252,
        type: 3}
      propertyPath: m_Layer
      value: 9
      objectReference: {fileID: 0}
    - target: {fileID: 5319085539486533510, guid: 7653976a30deaab4eaf0533878fae252,
        type: 3}
      propertyPath: m_Layer
      value: 9
      objectReference: {fileID: 0}
    - target: {fileID: 5319085539508406672, guid: 7653976a30deaab4eaf0533878fae252,
        type: 3}
      propertyPath: m_Layer
      value: 9
      objectReference: {fileID: 0}
    - target: {fileID: 5319085539512139361, guid: 7653976a30deaab4eaf0533878fae252,
        type: 3}
      propertyPath: m_Layer
      value: 9
      objectReference: {fileID: 0}
    - target: {fileID: 5319085539523161918, guid: 7653976a30deaab4eaf0533878fae252,
        type: 3}
      propertyPath: m_Layer
      value: 9
      objectReference: {fileID: 0}
    - target: {fileID: 5319085539532297816, guid: 7653976a30deaab4eaf0533878fae252,
        type: 3}
      propertyPath: m_Layer
      value: 9
      objectReference: {fileID: 0}
    - target: {fileID: 5319085539551596279, guid: 7653976a30deaab4eaf0533878fae252,
        type: 3}
      propertyPath: m_Layer
      value: 9
      objectReference: {fileID: 0}
    - target: {fileID: 5319085539561039107, guid: 7653976a30deaab4eaf0533878fae252,
        type: 3}
      propertyPath: m_Layer
      value: 9
      objectReference: {fileID: 0}
    - target: {fileID: 5319085539562345481, guid: 7653976a30deaab4eaf0533878fae252,
        type: 3}
      propertyPath: m_Layer
      value: 9
      objectReference: {fileID: 0}
    - target: {fileID: 5319085539591306966, guid: 7653976a30deaab4eaf0533878fae252,
        type: 3}
      propertyPath: m_Layer
      value: 9
      objectReference: {fileID: 0}
    - target: {fileID: 5319085539683081791, guid: 7653976a30deaab4eaf0533878fae252,
        type: 3}
      propertyPath: m_Layer
      value: 9
      objectReference: {fileID: 0}
    - target: {fileID: 5319085539687917252, guid: 7653976a30deaab4eaf0533878fae252,
        type: 3}
      propertyPath: m_Layer
      value: 9
      objectReference: {fileID: 0}
    - target: {fileID: 5319085539687917254, guid: 7653976a30deaab4eaf0533878fae252,
        type: 3}
      propertyPath: m_Enabled
      value: 1
      objectReference: {fileID: 0}
    - target: {fileID: 5319085539687917255, guid: 7653976a30deaab4eaf0533878fae252,
        type: 3}
      propertyPath: m_Enabled
      value: 1
      objectReference: {fileID: 0}
    - target: {fileID: 5319085539709953365, guid: 7653976a30deaab4eaf0533878fae252,
        type: 3}
      propertyPath: m_Layer
      value: 9
      objectReference: {fileID: 0}
    - target: {fileID: 5319085539709953367, guid: 7653976a30deaab4eaf0533878fae252,
        type: 3}
      propertyPath: m_ConnectedAnchor.x
      value: -0.000000006519258
      objectReference: {fileID: 0}
    - target: {fileID: 5319085539709953367, guid: 7653976a30deaab4eaf0533878fae252,
        type: 3}
      propertyPath: m_ConnectedAnchor.y
      value: 0.27069643
      objectReference: {fileID: 0}
    - target: {fileID: 5319085539709953367, guid: 7653976a30deaab4eaf0533878fae252,
        type: 3}
      propertyPath: m_ConnectedAnchor.z
      value: -0.00000008940697
      objectReference: {fileID: 0}
    - target: {fileID: 5319085539709953367, guid: 7653976a30deaab4eaf0533878fae252,
        type: 3}
      propertyPath: m_Swing1Limit.limit
      value: 19.61377
      objectReference: {fileID: 0}
    - target: {fileID: 5319085539709953367, guid: 7653976a30deaab4eaf0533878fae252,
        type: 3}
      propertyPath: m_Swing2Limit.limit
      value: 3
      objectReference: {fileID: 0}
    - target: {fileID: 5319085539709953367, guid: 7653976a30deaab4eaf0533878fae252,
        type: 3}
      propertyPath: m_HighTwistLimit.limit
      value: 13.778358
      objectReference: {fileID: 0}
    - target: {fileID: 5319085539711025072, guid: 7653976a30deaab4eaf0533878fae252,
        type: 3}
      propertyPath: m_Layer
      value: 9
      objectReference: {fileID: 0}
    - target: {fileID: 5319085539730116231, guid: 7653976a30deaab4eaf0533878fae252,
        type: 3}
      propertyPath: m_Layer
      value: 9
      objectReference: {fileID: 0}
    - target: {fileID: 5319085539740543774, guid: 7653976a30deaab4eaf0533878fae252,
        type: 3}
      propertyPath: m_Layer
      value: 9
      objectReference: {fileID: 0}
    - target: {fileID: 5319085539750985302, guid: 7653976a30deaab4eaf0533878fae252,
        type: 3}
      propertyPath: m_Layer
      value: 9
      objectReference: {fileID: 0}
    - target: {fileID: 5319085539756743461, guid: 7653976a30deaab4eaf0533878fae252,
        type: 3}
      propertyPath: m_Layer
      value: 9
      objectReference: {fileID: 0}
    - target: {fileID: 5319085539783558969, guid: 7653976a30deaab4eaf0533878fae252,
        type: 3}
      propertyPath: m_Layer
      value: 9
      objectReference: {fileID: 0}
    - target: {fileID: 5319085539783919886, guid: 7653976a30deaab4eaf0533878fae252,
        type: 3}
      propertyPath: m_Layer
      value: 9
      objectReference: {fileID: 0}
    - target: {fileID: 5319085539818001233, guid: 7653976a30deaab4eaf0533878fae252,
        type: 3}
      propertyPath: m_Layer
      value: 9
      objectReference: {fileID: 0}
    - target: {fileID: 5319085539853448849, guid: 7653976a30deaab4eaf0533878fae252,
        type: 3}
      propertyPath: m_Layer
      value: 9
      objectReference: {fileID: 0}
    - target: {fileID: 5319085539854651934, guid: 7653976a30deaab4eaf0533878fae252,
        type: 3}
      propertyPath: m_Layer
      value: 9
      objectReference: {fileID: 0}
    - target: {fileID: 5319085539887266785, guid: 7653976a30deaab4eaf0533878fae252,
        type: 3}
      propertyPath: m_Layer
      value: 9
      objectReference: {fileID: 0}
    - target: {fileID: 5319085539930076515, guid: 7653976a30deaab4eaf0533878fae252,
        type: 3}
      propertyPath: m_Layer
      value: 9
      objectReference: {fileID: 0}
    - target: {fileID: 5319085539940664759, guid: 7653976a30deaab4eaf0533878fae252,
        type: 3}
      propertyPath: m_Layer
      value: 9
      objectReference: {fileID: 0}
    - target: {fileID: 5319085539955517559, guid: 7653976a30deaab4eaf0533878fae252,
        type: 3}
      propertyPath: m_Layer
      value: 9
      objectReference: {fileID: 0}
    - target: {fileID: 5319085539976500919, guid: 7653976a30deaab4eaf0533878fae252,
        type: 3}
      propertyPath: m_Layer
      value: 9
      objectReference: {fileID: 0}
    - target: {fileID: 5319085539994906185, guid: 7653976a30deaab4eaf0533878fae252,
        type: 3}
      propertyPath: m_Layer
      value: 9
      objectReference: {fileID: 0}
    - target: {fileID: 5319085539994906187, guid: 7653976a30deaab4eaf0533878fae252,
        type: 3}
      propertyPath: m_ConnectedAnchor.x
      value: -2.3238463e-10
      objectReference: {fileID: 0}
    - target: {fileID: 5319085539994906187, guid: 7653976a30deaab4eaf0533878fae252,
        type: 3}
      propertyPath: m_ConnectedAnchor.y
      value: 0.32771307
      objectReference: {fileID: 0}
    - target: {fileID: 5319085539994906187, guid: 7653976a30deaab4eaf0533878fae252,
        type: 3}
      propertyPath: m_ConnectedAnchor.z
      value: 0.017018422
      objectReference: {fileID: 0}
    - target: {fileID: 5319085539994906187, guid: 7653976a30deaab4eaf0533878fae252,
        type: 3}
      propertyPath: m_Swing2Limit.limit
      value: 25
      objectReference: {fileID: 0}
    - target: {fileID: 5319085539994906187, guid: 7653976a30deaab4eaf0533878fae252,
        type: 3}
      propertyPath: m_LowTwistLimit.limit
      value: -18.038084
      objectReference: {fileID: 0}
    - target: {fileID: 5319085539994906187, guid: 7653976a30deaab4eaf0533878fae252,
        type: 3}
      propertyPath: m_HighTwistLimit.limit
      value: 43.84522
      objectReference: {fileID: 0}
    - target: {fileID: 5319085539994906187, guid: 7653976a30deaab4eaf0533878fae252,
        type: 3}
      propertyPath: m_TwistLimitSpring.damper
      value: 0
      objectReference: {fileID: 0}
    - target: {fileID: 5319085539998512835, guid: 7653976a30deaab4eaf0533878fae252,
        type: 3}
      propertyPath: m_Layer
      value: 9
      objectReference: {fileID: 0}
    - target: {fileID: 5319085539998512835, guid: 7653976a30deaab4eaf0533878fae252,
        type: 3}
      propertyPath: m_IsActive
      value: 1
      objectReference: {fileID: 0}
    - target: {fileID: 5319085539998512894, guid: 7653976a30deaab4eaf0533878fae252,
        type: 3}
      propertyPath: boneSize
      value: 2.56
      objectReference: {fileID: 0}
    - target: {fileID: 5319085539998512894, guid: 7653976a30deaab4eaf0533878fae252,
        type: 3}
      propertyPath: m_Enabled
      value: 1
      objectReference: {fileID: 0}
    - target: {fileID: 5319085539998512895, guid: 7653976a30deaab4eaf0533878fae252,
        type: 3}
      propertyPath: AnimationPercent
      value: 1
      objectReference: {fileID: 0}
    - target: {fileID: 5319085539998512895, guid: 7653976a30deaab4eaf0533878fae252,
        type: 3}
      propertyPath: syncOnlyRigidbodies
      value: 1
      objectReference: {fileID: 0}
    - target: {fileID: 5319085540004159412, guid: 7653976a30deaab4eaf0533878fae252,
        type: 3}
      propertyPath: m_RootOrder
      value: 0
      objectReference: {fileID: 0}
    - target: {fileID: 5319085540004159412, guid: 7653976a30deaab4eaf0533878fae252,
        type: 3}
      propertyPath: m_LocalScale.x
      value: 2.2793
      objectReference: {fileID: 0}
    - target: {fileID: 5319085540004159412, guid: 7653976a30deaab4eaf0533878fae252,
        type: 3}
      propertyPath: m_LocalScale.y
      value: 2.2793
      objectReference: {fileID: 0}
    - target: {fileID: 5319085540004159412, guid: 7653976a30deaab4eaf0533878fae252,
        type: 3}
      propertyPath: m_LocalScale.z
      value: 2.2793
      objectReference: {fileID: 0}
    - target: {fileID: 5319085540004159412, guid: 7653976a30deaab4eaf0533878fae252,
        type: 3}
      propertyPath: m_LocalPosition.x
      value: -0.295
      objectReference: {fileID: 0}
    - target: {fileID: 5319085540004159412, guid: 7653976a30deaab4eaf0533878fae252,
        type: 3}
      propertyPath: m_LocalPosition.y
      value: 1.924
      objectReference: {fileID: 0}
    - target: {fileID: 5319085540004159412, guid: 7653976a30deaab4eaf0533878fae252,
        type: 3}
      propertyPath: m_LocalPosition.z
      value: 0.04
      objectReference: {fileID: 0}
    - target: {fileID: 5319085540004159412, guid: 7653976a30deaab4eaf0533878fae252,
        type: 3}
      propertyPath: m_LocalRotation.w
      value: 1
      objectReference: {fileID: 0}
    - target: {fileID: 5319085540004159412, guid: 7653976a30deaab4eaf0533878fae252,
        type: 3}
      propertyPath: m_LocalRotation.x
      value: 0
      objectReference: {fileID: 0}
    - target: {fileID: 5319085540004159412, guid: 7653976a30deaab4eaf0533878fae252,
        type: 3}
      propertyPath: m_LocalRotation.y
      value: 0
      objectReference: {fileID: 0}
    - target: {fileID: 5319085540004159412, guid: 7653976a30deaab4eaf0533878fae252,
        type: 3}
      propertyPath: m_LocalRotation.z
      value: 0
      objectReference: {fileID: 0}
    - target: {fileID: 5319085540004159412, guid: 7653976a30deaab4eaf0533878fae252,
        type: 3}
      propertyPath: m_LocalEulerAnglesHint.x
      value: 0
      objectReference: {fileID: 0}
    - target: {fileID: 5319085540004159412, guid: 7653976a30deaab4eaf0533878fae252,
        type: 3}
      propertyPath: m_LocalEulerAnglesHint.y
      value: 0
      objectReference: {fileID: 0}
    - target: {fileID: 5319085540004159412, guid: 7653976a30deaab4eaf0533878fae252,
        type: 3}
      propertyPath: m_LocalEulerAnglesHint.z
      value: 0
      objectReference: {fileID: 0}
    - target: {fileID: 5319085540004159419, guid: 7653976a30deaab4eaf0533878fae252,
        type: 3}
      propertyPath: m_Name
      value: Kaskader Anim + Ragdoll
      objectReference: {fileID: 0}
    - target: {fileID: 5319085540004159419, guid: 7653976a30deaab4eaf0533878fae252,
        type: 3}
      propertyPath: m_Layer
      value: 9
      objectReference: {fileID: 0}
    - target: {fileID: 5319085540004159419, guid: 7653976a30deaab4eaf0533878fae252,
        type: 3}
      propertyPath: m_IsActive
      value: 1
      objectReference: {fileID: 0}
    - target: {fileID: 5319085540027029973, guid: 7653976a30deaab4eaf0533878fae252,
        type: 3}
      propertyPath: m_Layer
      value: 9
      objectReference: {fileID: 0}
    - target: {fileID: 5319085540030981836, guid: 7653976a30deaab4eaf0533878fae252,
        type: 3}
      propertyPath: m_Layer
      value: 9
      objectReference: {fileID: 0}
    - target: {fileID: 5319085540032039206, guid: 7653976a30deaab4eaf0533878fae252,
        type: 3}
      propertyPath: m_Layer
      value: 9
      objectReference: {fileID: 0}
    - target: {fileID: 5319085540033684874, guid: 7653976a30deaab4eaf0533878fae252,
        type: 3}
      propertyPath: m_Layer
      value: 9
      objectReference: {fileID: 0}
    - target: {fileID: 5319085540046722162, guid: 7653976a30deaab4eaf0533878fae252,
        type: 3}
      propertyPath: m_Layer
      value: 9
      objectReference: {fileID: 0}
    - target: {fileID: 5319085540057561938, guid: 7653976a30deaab4eaf0533878fae252,
        type: 3}
      propertyPath: m_Layer
      value: 9
      objectReference: {fileID: 0}
    - target: {fileID: 5319085540066654540, guid: 7653976a30deaab4eaf0533878fae252,
        type: 3}
      propertyPath: m_Layer
      value: 9
      objectReference: {fileID: 0}
    - target: {fileID: 5319085540066654542, guid: 7653976a30deaab4eaf0533878fae252,
        type: 3}
      propertyPath: m_ConnectedAnchor.x
      value: 0.000000012340024
      objectReference: {fileID: 0}
    - target: {fileID: 5319085540066654542, guid: 7653976a30deaab4eaf0533878fae252,
        type: 3}
      propertyPath: m_ConnectedAnchor.y
      value: 0.4088337
      objectReference: {fileID: 0}
    - target: {fileID: 5319085540066654542, guid: 7653976a30deaab4eaf0533878fae252,
        type: 3}
      propertyPath: m_ConnectedAnchor.z
      value: -0.000000008381903
      objectReference: {fileID: 0}
    - target: {fileID: 5319085540083196929, guid: 7653976a30deaab4eaf0533878fae252,
        type: 3}
      propertyPath: m_Layer
      value: 9
      objectReference: {fileID: 0}
    - target: {fileID: 5319085540097982899, guid: 7653976a30deaab4eaf0533878fae252,
        type: 3}
      propertyPath: m_Layer
      value: 9
      objectReference: {fileID: 0}
    - target: {fileID: 5319085540107784909, guid: 7653976a30deaab4eaf0533878fae252,
        type: 3}
      propertyPath: m_Layer
      value: 9
      objectReference: {fileID: 0}
    - target: {fileID: 5319085540156415930, guid: 7653976a30deaab4eaf0533878fae252,
        type: 3}
      propertyPath: m_Layer
      value: 9
      objectReference: {fileID: 0}
    - target: {fileID: 5319085540164343569, guid: 7653976a30deaab4eaf0533878fae252,
        type: 3}
      propertyPath: m_Layer
      value: 9
      objectReference: {fileID: 0}
    - target: {fileID: 5319085540185488066, guid: 7653976a30deaab4eaf0533878fae252,
        type: 3}
      propertyPath: m_Layer
      value: 9
      objectReference: {fileID: 0}
    - target: {fileID: 5319085540202302775, guid: 7653976a30deaab4eaf0533878fae252,
        type: 3}
      propertyPath: m_Layer
      value: 9
      objectReference: {fileID: 0}
    - target: {fileID: 5319085540207623788, guid: 7653976a30deaab4eaf0533878fae252,
        type: 3}
      propertyPath: m_Layer
      value: 9
      objectReference: {fileID: 0}
    - target: {fileID: 5319085540226299001, guid: 7653976a30deaab4eaf0533878fae252,
        type: 3}
      propertyPath: m_Layer
      value: 9
      objectReference: {fileID: 0}
    - target: {fileID: 5319085540234257595, guid: 7653976a30deaab4eaf0533878fae252,
        type: 3}
      propertyPath: m_Layer
      value: 9
      objectReference: {fileID: 0}
    - target: {fileID: 5319085540258486460, guid: 7653976a30deaab4eaf0533878fae252,
        type: 3}
      propertyPath: m_Layer
      value: 9
      objectReference: {fileID: 0}
    - target: {fileID: 5319085540281991331, guid: 7653976a30deaab4eaf0533878fae252,
        type: 3}
      propertyPath: m_Layer
      value: 9
      objectReference: {fileID: 0}
    - target: {fileID: 5319085540281991389, guid: 7653976a30deaab4eaf0533878fae252,
        type: 3}
      propertyPath: m_ConnectedAnchor.x
      value: 0.0000000037252903
      objectReference: {fileID: 0}
    - target: {fileID: 5319085540281991389, guid: 7653976a30deaab4eaf0533878fae252,
        type: 3}
      propertyPath: m_ConnectedAnchor.y
      value: 0.4089963
      objectReference: {fileID: 0}
    - target: {fileID: 5319085540281991389, guid: 7653976a30deaab4eaf0533878fae252,
        type: 3}
      propertyPath: m_ConnectedAnchor.z
      value: -0.000000008381903
      objectReference: {fileID: 0}
    - target: {fileID: 5319085540285980600, guid: 7653976a30deaab4eaf0533878fae252,
        type: 3}
      propertyPath: m_ConnectedAnchor.x
      value: -0.091493115
      objectReference: {fileID: 0}
    - target: {fileID: 5319085540285980600, guid: 7653976a30deaab4eaf0533878fae252,
        type: 3}
      propertyPath: m_ConnectedAnchor.y
      value: -0.056916002
      objectReference: {fileID: 0}
    - target: {fileID: 5319085540285980600, guid: 7653976a30deaab4eaf0533878fae252,
        type: 3}
      propertyPath: m_ConnectedAnchor.z
      value: -0.0020977329
      objectReference: {fileID: 0}
    - target: {fileID: 5319085540285980605, guid: 7653976a30deaab4eaf0533878fae252,
        type: 3}
      propertyPath: m_Layer
      value: 9
      objectReference: {fileID: 0}
    - target: {fileID: 5319085540289529639, guid: 7653976a30deaab4eaf0533878fae252,
        type: 3}
      propertyPath: m_Layer
      value: 9
      objectReference: {fileID: 0}
    - target: {fileID: 5319085540290207304, guid: 7653976a30deaab4eaf0533878fae252,
        type: 3}
      propertyPath: m_Layer
      value: 9
      objectReference: {fileID: 0}
    - target: {fileID: 5319085540297654739, guid: 7653976a30deaab4eaf0533878fae252,
        type: 3}
      propertyPath: m_Layer
      value: 9
      objectReference: {fileID: 0}
    - target: {fileID: 5319085540300647357, guid: 7653976a30deaab4eaf0533878fae252,
        type: 3}
      propertyPath: m_Layer
      value: 9
      objectReference: {fileID: 0}
    m_RemovedComponents: []
  m_SourcePrefab: {fileID: 100100000, guid: 7653976a30deaab4eaf0533878fae252, type: 3}
--- !u!4 &4436673920587264232 stripped
Transform:
  m_CorrespondingSourceObject: {fileID: 5319085538912318312, guid: 7653976a30deaab4eaf0533878fae252,
    type: 3}
  m_PrefabInstance: {fileID: 8377552312605787008}
  m_PrefabAsset: {fileID: 0}
--- !u!4 &4436673920651976915 stripped
Transform:
  m_CorrespondingSourceObject: {fileID: 5319085538440749907, guid: 7653976a30deaab4eaf0533878fae252,
    type: 3}
  m_PrefabInstance: {fileID: 8377552312605787008}
  m_PrefabAsset: {fileID: 0}
--- !u!4 &4436673921771447996 stripped
Transform:
  m_CorrespondingSourceObject: {fileID: 5319085539561039164, guid: 7653976a30deaab4eaf0533878fae252,
    type: 3}
  m_PrefabInstance: {fileID: 8377552312605787008}
  m_PrefabAsset: {fileID: 0}
--- !u!4 &4436673921493373138 stripped
Transform:
  m_CorrespondingSourceObject: {fileID: 5319085539818001234, guid: 7653976a30deaab4eaf0533878fae252,
    type: 3}
  m_PrefabInstance: {fileID: 8377552312605787008}
  m_PrefabAsset: {fileID: 0}
--- !u!4 &4436673920518625595 stripped
Transform:
  m_CorrespondingSourceObject: {fileID: 5319085538846595771, guid: 7653976a30deaab4eaf0533878fae252,
    type: 3}
  m_PrefabInstance: {fileID: 8377552312605787008}
  m_PrefabAsset: {fileID: 0}
--- !u!4 &4436673921628630000 stripped
Transform:
  m_CorrespondingSourceObject: {fileID: 5319085539955517552, guid: 7653976a30deaab4eaf0533878fae252,
    type: 3}
  m_PrefabInstance: {fileID: 8377552312605787008}
  m_PrefabAsset: {fileID: 0}
--- !u!4 &4436673920984810350 stripped
Transform:
  m_CorrespondingSourceObject: {fileID: 5319085538237792494, guid: 7653976a30deaab4eaf0533878fae252,
    type: 3}
  m_PrefabInstance: {fileID: 8377552312605787008}
  m_PrefabAsset: {fileID: 0}
--- !u!4 &4436673922149049812 stripped
Transform:
  m_CorrespondingSourceObject: {fileID: 5319085539401410132, guid: 7653976a30deaab4eaf0533878fae252,
    type: 3}
  m_PrefabInstance: {fileID: 8377552312605787008}
  m_PrefabAsset: {fileID: 0}
--- !u!4 &4436673920260859515 stripped
Transform:
  m_CorrespondingSourceObject: {fileID: 5319085539125470715, guid: 7653976a30deaab4eaf0533878fae252,
    type: 3}
  m_PrefabInstance: {fileID: 8377552312605787008}
  m_PrefabAsset: {fileID: 0}
--- !u!4 &4436673922209071064 stripped
Transform:
  m_CorrespondingSourceObject: {fileID: 5319085539463035992, guid: 7653976a30deaab4eaf0533878fae252,
    type: 3}
  m_PrefabInstance: {fileID: 8377552312605787008}
  m_PrefabAsset: {fileID: 0}
--- !u!4 &4436673920483844958 stripped
Transform:
  m_CorrespondingSourceObject: {fileID: 5319085538810208478, guid: 7653976a30deaab4eaf0533878fae252,
    type: 3}
  m_PrefabInstance: {fileID: 8377552312605787008}
  m_PrefabAsset: {fileID: 0}
--- !u!4 &4436673920564041242 stripped
Transform:
  m_CorrespondingSourceObject: {fileID: 5319085538889389466, guid: 7653976a30deaab4eaf0533878fae252,
    type: 3}
  m_PrefabInstance: {fileID: 8377552312605787008}
  m_PrefabAsset: {fileID: 0}
--- !u!4 &4436673920209530745 stripped
Transform:
  m_CorrespondingSourceObject: {fileID: 5319085539071814905, guid: 7653976a30deaab4eaf0533878fae252,
    type: 3}
  m_PrefabInstance: {fileID: 8377552312605787008}
  m_PrefabAsset: {fileID: 0}
--- !u!4 &4436673921900422469 stripped
Transform:
  m_CorrespondingSourceObject: {fileID: 5319085539687917253, guid: 7653976a30deaab4eaf0533878fae252,
    type: 3}
  m_PrefabInstance: {fileID: 8377552312605787008}
  m_PrefabAsset: {fileID: 0}
--- !u!4 &4436673921699584598 stripped
Transform:
  m_CorrespondingSourceObject: {fileID: 5319085540027029974, guid: 7653976a30deaab4eaf0533878fae252,
    type: 3}
  m_PrefabInstance: {fileID: 8377552312605787008}
  m_PrefabAsset: {fileID: 0}
--- !u!4 &4436673921733831871 stripped
Transform:
  m_CorrespondingSourceObject: {fileID: 5319085539523161919, guid: 7653976a30deaab4eaf0533878fae252,
    type: 3}
  m_PrefabInstance: {fileID: 8377552312605787008}
  m_PrefabAsset: {fileID: 0}
--- !u!4 &4436673920497472606 stripped
Transform:
  m_CorrespondingSourceObject: {fileID: 5319085538821740510, guid: 7653976a30deaab4eaf0533878fae252,
    type: 3}
  m_PrefabInstance: {fileID: 8377552312605787008}
  m_PrefabAsset: {fileID: 0}
--- !u!1 &4436673921673721155 stripped
GameObject:
  m_CorrespondingSourceObject: {fileID: 5319085539998512835, guid: 7653976a30deaab4eaf0533878fae252,
    type: 3}
  m_PrefabInstance: {fileID: 8377552312605787008}
  m_PrefabAsset: {fileID: 0}
--- !u!1 &4436673921900422468 stripped
GameObject:
  m_CorrespondingSourceObject: {fileID: 5319085539687917252, guid: 7653976a30deaab4eaf0533878fae252,
    type: 3}
  m_PrefabInstance: {fileID: 8377552312605787008}
  m_PrefabAsset: {fileID: 0}
--- !u!1 &4436673921676450875 stripped
GameObject:
  m_CorrespondingSourceObject: {fileID: 5319085540004159419, guid: 7653976a30deaab4eaf0533878fae252,
    type: 3}
  m_PrefabInstance: {fileID: 8377552312605787008}
  m_PrefabAsset: {fileID: 0}
